@Inbook{Kennedy2010,
author="Kennedy, James",
editor="Sammut, Claude
and Webb, Geoffrey I.",
title="Particle Swarm Optimization",
bookTitle="Encyclopedia of Machine Learning",
year="2010",
publisher="Springer US",
address="Boston, MA",
pages="760--766",
isbn="978-0-387-30164-8",
doi="10.1007/978-0-387-30164-8_630",
url="https://doi.org/10.1007/978-0-387-30164-8_630"
}

