%% LaTeX2e file `biblio.bib'
%% generated by the `filecontents' environment
%% from source `Improved_GSO' on 2019/03/09.
%%
@article{Author2012,
    Author = {Author, A},
    Title = {Article},
    Year = {2012}}
